110081013300016783711802221808221000000000000009783UALTER OTONI AZAMBUJA JUNI   
22    0901180730180716150302000000001672090000000000000000000000                
2301NOMINA                                                                      
22    09011808211808241240810000000000018500000000000000000000005402055809098012
2301COMPRA TARJ 5402XXXXXXXX8012 365 IME MIL SABADELL-SABADELL                  
22    0901180822180822032091000000000079290000000000B82846825070E000709202031588
2301ELECTRICIDAD ENDESA ENERGIA XXI SL FACTURA DE ELECTR                        
3300810133000167837100002000000000081140000100000000167209200000000159095978    
88999999999999999999000008                                                      
